
@book{james_introduction_2013,
	location = {New York, {NY}},
	title = {An Introduction to Statistical Learning},
	volume = {103},
	isbn = {978-1-4614-7137-0 978-1-4614-7138-7},
	url = {http://link.springer.com/10.1007/978-1-4614-7138-7},
	series = {Springer Texts in Statistics},
	publisher = {Springer New York},
	author = {James, Gareth and Witten, Daniela and Hastie, Trevor and Tibshirani, Robert},
	urldate = {2017-05-04},
	date = {2013},
	note = {{DOI}: 10.1007/978-1-4614-7138-7}
}

@article{huang_extreme_2016,
	title = {Extreme learning machine: Theory and Applications},
	author = {Huang, Guang-Bin and Zhu, Qin-Yu and Siew, Chee-kheong},
	date = {2016-05-16}
}

@article{huang_extreme_2006,
	title = {Extreme learning machine: Theory and applications},
	volume = {70},
	issn = {09252312},
	url = {http://linkinghub.elsevier.com/retrieve/pii/S0925231206000385},
	doi = {10.1016/j.neucom.2005.12.126},
	shorttitle = {Extreme learning machine},
	pages = {489--501},
	number = {1},
	journaltitle = {Neurocomputing},
	author = {Huang, Guang-Bin and Zhu, Qin-Yu and Siew, Chee-Kheong},
	urldate = {2017-05-04},
	date = {2006-12},
	langid = {english}
}

