
@book{james_introduction_2013,
	location = {New York, {NY}},
	title = {An Introduction to Statistical Learning},
	volume = {103},
	isbn = {978-1-4614-7137-0 978-1-4614-7138-7},
	url = {http://link.springer.com/10.1007/978-1-4614-7138-7},
	series = {Springer Texts in Statistics},
	publisher = {Springer New York},
	author = {James, Gareth and Witten, Daniela and Hastie, Trevor and Tibshirani, Robert},
	urldate = {2017-05-04},
	year = {2013}
}

@article{huang_extreme_2016,
	title = {Extreme learning machine: Theory and Applications},
	author = {Huang, Guang-Bin and Zhu, Qin-Yu and Siew, Chee-kheong},
	year = {2016-05-16}
}

@book{rojas_neural_1996,
	location = {Berlin, Heidelberg},
	title = {Neural Networks},
	isbn = {978-3-540-60505-8 978-3-642-61068-4},
	url = {http://link.springer.com/10.1007/978-3-642-61068-4},
	publisher = {Springer Berlin Heidelberg},
	author = {Rojas, Ra√∫l},
	urldate = {2017-06-01},
	year = {1996},
	langid = {english},
	note = {{DOI}: 10.1007/978-3-642-61068-4}
}

@incollection{lecun_theoretical_1992,
	title = {A theoretical framework for back-propagation},
	booktitle = {Artificial neural networks},
	publisher = {{IEEE} Computer Society Press},
	author = {Lecun, Yann},
	year = {1992}
}

@book{bishop_pattern_2006,
	location = {New York},
	title = {Pattern recognition and machine learning},
	isbn = {978-0-387-31073-2},
	series = {Information science and statistics},
	pagetotal = {738},
	publisher = {Springer},
	author = {Bishop, Christopher M.},
	year = {2006},
	keywords = {Machine learning, Pattern perception}
}