
@book{james_introduction_2013,
	location = {New York, {NY}},
	title = {An Introduction to Statistical Learning},
	volume = {103},
	isbn = {978-1-4614-7137-0 978-1-4614-7138-7},
	url = {http://link.springer.com/10.1007/978-1-4614-7138-7},
	series = {Springer Texts in Statistics},
	publisher = {Springer New York},
	author = {James, Gareth and Witten, Daniela and Hastie, Trevor and Tibshirani, Robert},
	urldate = {2017-05-04},
	date = {2013}
}

@article{huang_extreme_2016,
	title = {Extreme learning machine: Theory and Applications},
	author = {Huang, Guang-Bin and Zhu, Qin-Yu and Siew, Chee-kheong},
	date = {2016-05-16}
}

@book{rojas_neural_1996,
	location = {Berlin, Heidelberg},
	title = {Neural Networks},
	isbn = {978-3-540-60505-8 978-3-642-61068-4},
	url = {http://link.springer.com/10.1007/978-3-642-61068-4},
	publisher = {Springer Berlin Heidelberg},
	author = {Rojas, Raúl},
	urldate = {2017-06-01},
	date = {1996},
	annotation = {{DOI}: 10.1007/978-3-642-61068-4}
}

@incollection{lecun_theoretical_1992,
	title = {A theoretical framework for back-propagation},
	booktitle = {Artificial neural networks},
	publisher = {{IEEE} Computer Society Press},
	author = {Lecun, Yann},
	date = {1992}
}

@book{bishop_pattern_2006,
	location = {New York},
	title = {Pattern recognition and machine learning},
	isbn = {978-0-387-31073-2},
	series = {Information science and statistics},
	publisher = {Springer},
	author = {Bishop, Christopher M.},
	date = {2006},
	keywords = {Machine learning, Pattern perception}
}

@inproceedings{eberhart_new_1995,
	title = {A new optimizer using particle swarm theory},
	isbn = {978-0-7803-2676-7},
	url = {http://ieeexplore.ieee.org/document/494215/},
	doi = {10.1109/MHS.1995.494215},
	pages = {39--43},
	publisher = {{IEEE}},
	author = {Eberhart, R. and Kennedy, J.},
	urldate = {2017-10-11},
	date = {1995}
}

@incollection{hutchison_evolutionary_2006,
	location = {Berlin, Heidelberg},
	title = {Evolutionary Extreme Learning Machine – Based on Particle Swarm Optimization},
	volume = {3971},
	isbn = {978-3-540-34439-1 978-3-540-34440-7},
	url = {http://link.springer.com/10.1007/11759966_95},
	pages = {644--652},
	booktitle = {Advances in Neural Networks - {ISNN} 2006},
	publisher = {Springer Berlin Heidelberg},
	author = {Xu, You and Shu, Yang},
	editor = {Wang, Jun and Yi, Zhang and Zurada, Jacek M. and Lu, Bao-Liang and Yin, Hujun},
	editorb = {Hutchison, David and Kanade, Takeo and Kittler, Josef and Kleinberg, Jon M. and Mattern, Friedemann and Mitchell, John C. and Naor, Moni and Nierstrasz, Oscar and Pandu Rangan, C. and Steffen, Bernhard and Sudan, Madhu and Terzopoulos, Demetri and Tygar, Dough and Vardi, Moshe Y. and Weikum, Gerhard},
	editorbtype = {redactor},
	urldate = {2017-10-11},
	date = {2006},
	note = {{DOI}: 10.1007/11759966\_95}
}

@article{zhu_evolutionary_2005,
	title = {Evolutionary extreme learning machine},
	volume = {38},
	issn = {00313203},
	url = {http://linkinghub.elsevier.com/retrieve/pii/S0031320305001809},
	doi = {10.1016/j.patcog.2005.03.028},
	pages = {1759--1763},
	number = {10},
	journaltitle = {Pattern Recognition},
	author = {Zhu, Qin-Yu and Qin, A.K. and Suganthan, P.N. and Huang, Guang-Bin},
	urldate = {2017-10-11},
	date = {2005-10},
	langid = {english}
}

@article{li_improved_2005,
	title = {Improved {PSO} algorithm and its application},
	volume = {12},
	issn = {1005-9784, 1993-0666},
	url = {http://link.springer.com/10.1007/s11771-005-0403-4},
	doi = {10.1007/s11771-005-0403-4},
	pages = {222--226},
	number = {1},
	journaltitle = {Journal of Central South University of Technology},
	author = {Li, Yong-gang and Gui, Wei-hua and Yang, Chun-hua and Li, Jie},
	urldate = {2017-10-16},
	date = {2005-10},
	langid = {english}
}

@article{van_der_walt_numpy_2011,
	title = {The {NumPy} Array: A Structure for Efficient Numerical Computation},
	volume = {13},
	issn = {1521-9615},
	url = {http://ieeexplore.ieee.org/document/5725236/},
	doi = {10.1109/MCSE.2011.37},
	shorttitle = {The {NumPy} Array},
	pages = {22--30},
	number = {2},
	journaltitle = {Computing in Science \& Engineering},
	author = {van der Walt, Stéfan and Colbert, S Chris and Varoquaux, Gaël},
	urldate = {2017-10-16},
	date = {2011-03}
}

@article{lecun_gradient-based_1998,
	title = {Gradient-based learning applied to document recognition},
	volume = {86},
	issn = {00189219},
	url = {http://ieeexplore.ieee.org/document/726791/},
	doi = {10.1109/5.726791},
	pages = {2278--2324},
	number = {11},
	journaltitle = {Proceedings of the {IEEE}},
	author = {Lecun, Y. and Bottou, L. and Bengio, Y. and Haffner, P.},
	urldate = {2017-10-16},
	date = {1998-11}
}

@article{newell_perceptrons._1969,
	title = {Perceptrons. An Introduction to Computational Geometry. Marvin Minsky and Seymour Papert. M.I.T. Press, Cambridge, Mass., 1969. vi + 258 pp., illus. Cloth, \$12; paper, \$4.95},
	volume = {165},
	issn = {0036-8075, 1095-9203},
	url = {http://www.sciencemag.org/cgi/doi/10.1126/science.165.3895.780},
	doi = {10.1126/science.165.3895.780},
	pages = {780--782},
	number = {3895},
	journaltitle = {Science},
	author = {Newell, A.},
	urldate = {2017-10-16},
	date = {1969-08-22},
	langid = {english}
}

@article{nan-ying_liang_fast_2006,
	title = {A Fast and Accurate Online Sequential Learning Algorithm for Feedforward Networks},
	volume = {17},
	issn = {1045-9227, 1941-0093},
	url = {http://ieeexplore.ieee.org/document/4012031/},
	doi = {10.1109/TNN.2006.880583},
	pages = {1411--1423},
	number = {6},
	journaltitle = {{IEEE} Transactions on Neural Networks},
	author = {{Nan-Ying Liang} and {Guang-Bin Huang} and Saratchandran, P. and Sundararajan, N.},
	urldate = {2017-10-16},
	date = {2006-11}
}

@article{cao_building_2016,
	title = {Building feature space of extreme learning machine with sparse denoising stacked-autoencoder},
	volume = {174},
	issn = {09252312},
	url = {http://linkinghub.elsevier.com/retrieve/pii/S0925231215011674},
	doi = {10.1016/j.neucom.2015.02.096},
	pages = {60--71},
	journaltitle = {Neurocomputing},
	author = {Cao, Le-le and Huang, Wen-bing and Sun, Fu-chun},
	urldate = {2017-10-16},
	date = {2016-01},
	langid = {english}
}

@article{yu_learning_2015,
	title = {Learning deep representations via extreme learning machines},
	volume = {149},
	issn = {09252312},
	url = {http://linkinghub.elsevier.com/retrieve/pii/S0925231214011461},
	doi = {10.1016/j.neucom.2014.03.077},
	pages = {308--315},
	journaltitle = {Neurocomputing},
	author = {Yu, Wenchao and Zhuang, Fuzhen and He, Qing and Shi, Zhongzhi},
	urldate = {2017-10-16},
	date = {2015-02},
	langid = {english}
}

@article{tang_extreme_2016,
	title = {Extreme Learning Machine for Multilayer Perceptron},
	volume = {27},
	issn = {2162-237X, 2162-2388},
	url = {http://ieeexplore.ieee.org/document/7103337/},
	doi = {10.1109/TNNLS.2015.2424995},
	pages = {809--821},
	number = {4},
	journaltitle = {{IEEE} Transactions on Neural Networks and Learning Systems},
	author = {Tang, Jiexiong and Deng, Chenwei and Huang, Guang-Bin},
	urldate = {2017-10-16},
	date = {2016-04}
}